@article{Paolieri,
 author = {Marco Paolieri},
 title = {Modellazione di un sistema di Interlocking Distribuito tramite lo
strumento UMC},
 year = {2010},
 }
 @article{RossettoRocciolo,
 author = {Simone Rossetto, Giovanni Rocciolo},
 title = {Modellazione di un sistema di
Interlocking Ferroviario Distribuito
tramite UML on-the-fly Model Checker
},
 year = {2011},
 }
